@online{ref:alglib,
  title = {ALGLIB},
  author = {ALGLIB Project},
  year = {2019},
  url = {https://www.alglib.net/},
  },
@article{ref:photonMapping,
  author = {Henrik Wan Jensen},
  year = {1996},
  title = {Global Illumination using Photon Maps},
  url = {https://moodle.bath.ac.uk/pluginfile.php/1288264/mod_resource/content/0/Jensen_PhotonMaps.pdf},
  },
@article{ref:photonMappingGUIDE,
  author = {Henrik Wan Jensen},
  year = {2002},
  title = {A Practical Guide to Global Illumination using Photon Mapping},
  url = {https://graphics.stanford.edu/courses/cs348b-00/course8.pdf},
  },
@online{ref:lec11,
  title = {BRDFs and The Rendering Equation},
  author = {Ken Cameron},
  year = {2019},
  url = {https://moodle.bath.ac.uk/pluginfile.php/1443954/mod_resource/content/0/Lecture11-brdf_2019.pdf}
  },
@online{ref:lec12,
  title = {Photon Maps},
  author = {Ken Cameron},
  year = {2019},
  url = {https://moodle.bath.ac.uk/pluginfile.php/1443956/mod_resource/content/0/Lecture12-photonmaps_2019.pdf},
  }
@online{ref:lec04,
  title = {Raytracing},
  author = {Yongliang Yang},
  year = {2019},
  url = {https://moodle.bath.ac.uk/pluginfile.php/1423406/mod_resource/content/0/Lecture04_raytracing_2019.pdf},
  }